@article{schultz1996extraction,
  title={Extraction of high-resolution frames from video sequences},
  author={Schultz, Richard R and Stevenson, Robert L},
  journal={IEEE transactions on image processing},
  volume={5},
  number={6},
  pages={996--1011},
  year={1996},
  publisher={IEEE}
}
@inproceedings{lempitsky2009image,
  title={Image segmentation with a bounding box prior},
  author={Lempitsky, Victor and Kohli, Pushmeet and Rother, Carsten and Sharp, Toby},
  booktitle={2009 IEEE 12th international conference on computer vision},
  pages={277--284},
  year={2009},
  organization={IEEE}
}
@article{owens2008gpu,
  title={GPU computing},
  author={Owens, John D and Houston, Mike and Luebke, David and Green, Simon and Stone, John E and Phillips, James C},
  journal={Proceedings of the IEEE},
  volume={96},
  number={5},
  pages={879--899},
  year={2008},
  publisher={IEEE}
}
@inproceedings{kirk2007nvidia,
  title={NVIDIA CUDA software and GPU parallel computing architecture},
  author={Kirk, David and others},
  booktitle={ISMM},
  volume={7},
  pages={103--104},
  year={2007}
}
@incollection{bisong2019google,
  title={Google Colaboratory},
  author={Bisong, Ekaba},
  booktitle={Building Machine Learning and Deep Learning Models on Google Cloud Platform},
  pages={59--64},
  year={2019},
  publisher={Springer}
}
@article{android2011android,
  title={Android},
  author={Android, OS},
  journal={Retrieved February},
  volume={24},
  pages={2011},
  year={2011}
}
@book{walter2008cambridge,
  title={Cambridge advanced learner's dictionary},
  author={Walter, Elizabeth},
  year={2008},
  publisher={Cambridge university press}
}
@misc{pirkle1988computer,
  title={Computer workstation},
  author={Pirkle, Fred L},
  year={1988},
  month=jan # "~5",
  publisher={Google Patents},
  note={US Patent 4,717,112}
}
@article{kotsiantis2007supervised,
  title={Supervised machine learning: A review of classification techniques},
  author={Kotsiantis, Sotiris B and Zaharakis, I and Pintelas, P},
  journal={Emerging artificial intelligence applications in computer engineering},
  volume={160},
  pages={3--24},
  year={2007},
  publisher={Amsterdam}
}
@inproceedings{yu06,
  author = {Yu, Bill and Yu, Xinbao},
  year = {2006},
  month = {08},
  pages = {183-189},
  title = {Vibration-Based System for Pavement Condition Evaluation},
}
@article{zoysa07,
  author = {De Zoysa, Kasun and Keppitiyagama, Chamath and Weerathunga, Shihan},
  year = {2007},
  month = {08},
  pages = {9},
  title = {A public transport system based sensor network for road surface condition monitoring},
  isbn = {978-1-59593-787-2},
  doi = {10.1145/1326571.1326585}
}
@article{kim14,
  author = {Kim, Taehyeong and Ryu, S.},
  year = {2014},
  month = {01},
  pages = {603-608},
  title = {Review and analysis of pothole detection methods},
  volume = {5},
  journal = {Journal of Emerging Trends in Computing and Information Sciences}
}
@inproceedings{rao16,
  author = {Rao, Aravinda and Gubbi, Jayavardhana and Palaniswami, Marimuthu and Wong, Elaine},
  year = {2016},
  month = {05},
  pages = {1-6},
  title = {A vision-based system to detect potholes and uneven surfaces for assisting blind people}
}
@inproceedings{akagic17,
  author = {Akagic, Amila and Buza, Emir and Omanovic, Samir},
  year = {2017},
  month = {05},
  pages = {},
  title = {Pothole Detection: An Efficient Vision Based Method Using RGB Color Space Image Segmentation},
  doi = {10.23919/MIPRO.2017.7973589}
}
@article{danti12,
  author = {Danti, Ajit and Kulkarni, Jyoti and Hiremath, Prakash},
  year = {2012},
  month = {01},
  pages = {658-662},
  title = {An Image Processing Approach to Detect Lanes, Pot Holes and Recognize Road Signs in Indian Roads},
  volume = {2},
  journal = {International Journal of Modeling and Optimization},
  doi = {10.7763/IJMO.2012.V2.204}
}
@inproceedings{Salari2012PavementDE,
  title={Pavement Distress Evaluation using 3D Depth Information from Stereo Vision},
  author={Ezzatollah Salari and Eddie Y. Chou and James Lynch},
  year={2012}
}
@inproceedings{chang05,
  author = {Chang, Kuan-Tsung and Chang, J. and Liu, Jin-King},
  year = {2005},
  month = {06},
  pages = {1-11},
  title = {Detection of Pavement Distresses Using 3D Laser Scanning Technology},
  isbn = {978-0-7844-0794-3},
  doi = {10.1061/40794(179)103}
}
@article{li09,
  author = {Li, Qingguang and Yao, Ming and Yao, Xun and Xu, Bugao},
  year = {2009},
  month = {11},
  pages = {015702},
  title = {A real-time 3D scanning system for pavement distortion inspection},
  volume = {21},
  journal = {Measurement Science and Technology},
  doi = {10.1088/0957-0233/21/1/015702}
}
@inproceedings{wang04,
  author = {Wang, Kelvin},
  year = {2004},
  month = {05},
  pages = {531-536},
  title = {Challenges and Feasibility for Comprehensive Automated Survey of Pavement Conditions},
  isbn = {978-0-7844-0730-1},
  doi = {10.1061/40730(144)99}
}
@article{koch11,
  author = {Koch, Christian and Brilakis, Ioannis},
  year = {2011},
  month = {08},
  pages = {507-515},
  title = {Pothole detection in asphalt pavement images},
  volume = {25},
  journal = {Advanced Engineering Informatics},
  doi = {10.1016/j.aei.2011.01.002}
}
@inproceedings{buza2013stereo,
  title={Stereo vision techniques in the road pavement evaluation},
  author={Buza, E and Omanovic, S and Huseinnovic, A},
  booktitle={Proceedings of the 2nd International Conference on Information Technology and Computer Networks},
  pages={48--53},
  year={2013}
}
@article{jang2016pothole,
  title={Pothole detection using spatio-temporal saliency},
  author={Jang, Dong-Won and Park, Rae-Hong},
  journal={IET Intelligent Transport Systems},
  volume={10},
  number={9},
  pages={605--612},
  year={2016},
  publisher={IET}
}
@incollection{jog2012pothole,
  title={Pothole properties measurement through visual 2D recognition and 3D reconstruction},
  author={Jog, GM and Koch, C and Golparvar-Fard, M and Brilakis, I},
  booktitle={Computing in Civil Engineering (2012)},
  pages={553--560},
  year={2012}
}
@article{huidrom2013method,
  title={Method for automated assessment of potholes, cracks and patches from road surface video clips},
  author={Huidrom, Lokeshwor and Das, Lalit Kumar and Sud, SK},
  journal={Procedia-Social and Behavioral Sciences},
  volume={104},
  number={2013},
  pages={312--321},
  year={2013},
  publisher={Elsevier}
}
@article{koch2013pothole,
  title={Pothole detection with image processing and spectral clustering},
  author={Koch, C and Jog, G and Brilakis, I},
  journal={J. Comput. Civ. Eng},
  volume={27},
  pages={370--378},
  year={2013}
}
@article{ryu2015image,
  title={Image-based pothole detection system for ITS service and road management system},
  author={Ryu, Seung-Ki and Kim, Taehyeong and Kim, Young-Ro},
  journal={Mathematical Problems in Engineering},
  volume={2015},
  year={2015},
  publisher={Hindawi}
}
@article{pan2009survey,
  title={A survey on transfer learning},
  author={Pan, Sinno Jialin and Yang, Qiang},
  journal={IEEE Transactions on knowledge and data engineering},
  volume={22},
  number={10},
  pages={1345--1359},
  year={2009},
  publisher={IEEE}
}
@article{dillon2017tensorflow,
  title={Tensorflow distributions},
  author={Dillon, Joshua V and Langmore, Ian and Tran, Dustin and Brevdo, Eugene and Vasudevan, Srinivas and Moore, Dave and Patton, Brian and Alemi, Alex and Hoffman, Matt and Saurous, Rif A},
  journal={arXiv preprint arXiv:1711.10604},
  year={2017}
}
@inproceedings{lin2014microsoft,
  title={Microsoft coco: Common objects in context},
  author={Lin, Tsung-Yi and Maire, Michael and Belongie, Serge and Hays, James and Perona, Pietro and Ramanan, Deva and Doll{\'a}r, Piotr and Zitnick, C Lawrence},
  booktitle={European conference on computer vision},
  pages={740--755},
  year={2014},
  organization={Springer}
}
@misc{tf_model_zoo,
  author = {Google},
  title = "TensorFlow Model Zoo",
  year = "2020",
  howpublished = {\url{https://github.com/tensorflow/models/blob/master/research/object_detection/g3doc/detection_model_zoo.md}},
  note = "[Online; accessed 25-February-2020]"
}
@misc{tf_models_repo,
  author = {Google},
  title = "TensorFlow Models",
  year = "2020",
  howpublished = {\url{https://github.com/tensorflow/models}},
  note = "[Online; accessed 25-February-2020]"
}
@misc{tzutalingit,
  title={Git code (2015)},
  author={Tzutalin, LabelImg}
}
@article{howard2017mobilenets,
  title={Mobilenets: Efficient convolutional neural networks for mobile vision applications},
  author={Howard, Andrew G and Zhu, Menglong and Chen, Bo and Kalenichenko, Dmitry and Wang, Weijun and Weyand, Tobias and Andreetto, Marco and Adam, Hartwig},
  journal={arXiv preprint arXiv:1704.04861},
  year={2017}
}
@inproceedings{liu2016ssd,
  title={Ssd: Single shot multibox detector},
  author={Liu, Wei and Anguelov, Dragomir and Erhan, Dumitru and Szegedy, Christian and Reed, Scott and Fu, Cheng-Yang and Berg, Alexander C},
  booktitle={European conference on computer vision},
  pages={21--37},
  year={2016},
  organization={Springer}
}
@INPROCEEDINGS{mednis11,
  author={A. {Mednis} and G. {Strazdins} and R. {Zviedris} and G. {Kanonirs} and L. {Selavo}},
  booktitle={2011 International Conference on Distributed Computing in Sensor Systems and Workshops (DCOSS)},
  title={Real time pothole detection using Android smartphones with accelerometers},
  year={2011},
  pages={1-6},
  doi={10.1109/DCOSS.2011.5982206},
  ISSN={2325-2944},
  month={June}
}
@article{buckland1994relationship,
  title={The relationship between recall and precision},
  author={Buckland, Michael and Gey, Fredric},
  journal={Journal of the American society for information science},
  volume={45},
  number={1},
  pages={12--19},
  year={1994},
  publisher={Wiley Online Library}
}
@misc{wiki:precision_recall,
  author = {Wikipedia},
  title = "Precision and recall --- {Wikipedia}{,} The Free Encyclopedia",
  year = "2020",
  howpublished = {\url{https://en.wikipedia.org/w/index.php?title=Precision_and_recall&oldid=941734342}},
  note = "[Online; accessed 25-February-2020]"
}
@misc{manetensorboard,
  title={TensorBoard: TensorFlow’s visualization toolkit, 2015},
  author={Man{\'e}, D and others}
}
@misc{atik2020potholesdataset,
  author = {Atikur, Rahman},
  year = {2020},
  month = {Feb},
  title = {Annotated Potholes Image Dataset},
  doi = {10.34740/kaggle/dsv/973710},
  publisher = {Kaggle},
  howpublished = {\url{https://www.kaggle.com/chitholian/annotated-potholes-dataset}},
  note = "[Online; accessed 12-March-2020]"
}
