@ARTICLE{dailystarjul19,
    AUTHOR      = {Tuhin Shubhra Adhikary},
    TITLE       = {4,200km of Roads in Bad Condition},
    JOURNAL     = {The Daily Star},
    MONTH       = {Jul},
    YEAR        = {2019},
    URL         = {\url{https://www.thedailystar.net/frontpage/news/4200km-roads-bad-or-very-bad-1764895}},
}

@ARTICLE{indiatodayjul18,
    AUTHOR  = {Sandhu, Kamaljit Kaur},
    TITLE   = {Over 9300 deaths, 25000 injured in 3 years due to potholes},
    JOURNAL = {The India Today},
    YEAR    = {2018},
    MONTH   = {Jul},
    URL     = {https://www.indiatoday.in/india/story/over-9300-deaths-25000-injured-in-3-years-due-to-potholes-1294147-2018-07-24},
}

@MISC{whooct19,
    TITLE       = {Blindness and vision impairment},
    PUBLISHER   = {World Health Organization},
    YEAR        = {2019},
    MONTH       = {Oct},
    HOWPUBLISHED= {\url{https://www.who.int/news-room/fact-sheets/detail/blindness-and-visual-impairment}},
    NOTE        = {Accessed: 2020-02-14}
}
@misc{ wiki:potholes,
    author = "{Wikipedia}",
    title = "Pothole --- {Wikipedia}{,} The Free Encyclopedia",
    year = "2020",
    howpublished = "\url{https://en.wikipedia.org/w/index.php?title=Pothole&oldid=940785462}",
    note = "[Online; accessed 15-February-2020]"
  }
  
@misc{ romanjul19,
    author = "{Roman}",
    title = "WHO IS LIABLE FOR A POTHOLE ACCIDENT?",
    year = "2019",
    howpublished = "\url{https://www.romanromanlaw.com/who-is-liable-for-a-pothole-accident/}",
    note = "[Online; accessed 15-February-2020]"
  }
  
@INPROCEEDINGS{mednis11,
    author={A. {Mednis} and G. {Strazdins} and R. {Zviedris} and G. {Kanonirs} and L. {Selavo}},
    booktitle={2011 International Conference on Distributed Computing in Sensor Systems and Workshops (DCOSS)},
    title={Real time pothole detection using Android smartphones with accelerometers},
    year={2011},
    pages={1-6},
    doi={10.1109/DCOSS.2011.5982206},
    ISSN={2325-2944},
    month={June}
}

@inproceedings{strazdins11,
    author = {Strazdins, Girts and Mednis, Artis and Kanonirs, Georgijs and Zviedris, Reinholds and Selavo, Leo},
    year = {2011},
    month = {04},
    title = {Towards Vehicular Sensor Networks with Android Smartphones for Road Surface Monitoring}
}

@article{maredia19,
    author = {Maredia, Akib},
    year = {2019},
    month = {04},
    pages = {717-721},
    title = {Machine Learning for Automated Pothole Detection},
    volume = {7},
    journal = {International Journal for Research in Applied Science and Engineering Technology},
    doi = {10.22214/ijraset.2019.4128}
}

@inproceedings{yu06,
    author = {Yu, Bill and Yu, Xinbao},
    year = {2006},
    month = {08},
    pages = {183-189},
    title = {Vibration-Based System for Pavement Condition Evaluation},
}

@article{zoysa07,
    author = {De Zoysa, Kasun and Keppitiyagama, Chamath and Weerathunga, Shihan},
    year = {2007},
    month = {08},
    pages = {9},
    title = {A public transport system based sensor network for road surface condition monitoring},
    isbn = {978-1-59593-787-2},
    doi = {10.1145/1326571.1326585}
}

@article{kim14,
    author = {Kim, Taehyeong and Ryu, S.},
    year = {2014},
    month = {01},
    pages = {603-608},
    title = {Review and analysis of pothole detection methods},
    volume = {5},
    journal = {Journal of Emerging Trends in Computing and Information Sciences}
}

@inproceedings{rao16,
    author = {Rao, Aravinda and Gubbi, Jayavardhana and Palaniswami, Marimuthu and Wong, Elaine},
    year = {2016},
    month = {05},
    pages = {1-6},
    title = {A vision-based system to detect potholes and uneven surfaces for assisting blind people}
}

@inproceedings{akagic17,
    author = {Akagic, Amila and Buza, Emir and Omanovic, Samir},
    year = {2017},
    month = {05},
    pages = {},
    title = {Pothole Detection: An Efficient Vision Based Method Using RGB Color Space Image Segmentation},
    doi = {10.23919/MIPRO.2017.7973589}
}

@article{danti12,
    author = {Danti, Ajit and Kulkarni, Jyoti and Hiremath, Prakash},
    year = {2012},
    month = {01},
    pages = {658-662},
    title = {An Image Processing Approach to Detect Lanes, Pot Holes and Recognize Road Signs in Indian Roads},
    volume = {2},
    journal = {International Journal of Modeling and Optimization},
    doi = {10.7763/IJMO.2012.V2.204}
}

@inproceedings{Salari2012PavementDE,
  title={Pavement Distress Evaluation using 3D Depth Information from Stereo Vision},
  author={Ezzatollah Salari and Eddie Y. Chou and James Lynch},
  year={2012}
}

@inproceedings{chang05,
    author = {Chang, Kuan-Tsung and Chang, J. and Liu, Jin-King},
    year = {2005},
    month = {06},
    pages = {1-11},
    title = {Detection of Pavement Distresses Using 3D Laser Scanning Technology},
    isbn = {978-0-7844-0794-3},
    doi = {10.1061/40794(179)103}
}

@article{li09,
    author = {Li, Qingguang and Yao, Ming and Yao, Xun and Xu, Bugao},
    year = {2009},
    month = {11},
    pages = {015702},
    title = {A real-time 3D scanning system for pavement distortion inspection},
    volume = {21},
    journal = {Measurement Science and Technology},
    doi = {10.1088/0957-0233/21/1/015702}
}

@inproceedings{wang04,
    author = {Wang, Kelvin},
    year = {2004},
    month = {05},
    pages = {531-536},
    title = {Challenges and Feasibility for Comprehensive Automated Survey of Pavement Conditions},
    isbn = {978-0-7844-0730-1},
    doi = {10.1061/40730(144)99}
}

@article{koch11,
    author = {Koch, Christian and Brilakis, Ioannis},
    year = {2011},
    month = {08},
    pages = {507-515},
    title = {Pothole detection in asphalt pavement images},
    volume = {25},
    journal = {Advanced Engineering Informatics},
    doi = {10.1016/j.aei.2011.01.002}
}

@inproceedings{buza2013stereo,
  title={Stereo vision techniques in the road pavement evaluation},
  author={Buza, E and Omanovic, S and Huseinnovic, A},
  booktitle={Proceedings of the 2nd International Conference on Information Technology and Computer Networks},
  pages={48--53},
  year={2013}
}

@article{jang2016pothole,
  title={Pothole detection using spatio-temporal saliency},
  author={Jang, Dong-Won and Park, Rae-Hong},
  journal={IET Intelligent Transport Systems},
  volume={10},
  number={9},
  pages={605--612},
  year={2016},
  publisher={IET}
}

@incollection{jog2012pothole,
  title={Pothole properties measurement through visual 2D recognition and 3D reconstruction},
  author={Jog, GM and Koch, C and Golparvar-Fard, M and Brilakis, I},
  booktitle={Computing in Civil Engineering (2012)},
  pages={553--560},
  year={2012}
}

@article{huidrom2013method,
  title={Method for automated assessment of potholes, cracks and patches from road surface video clips},
  author={Huidrom, Lokeshwor and Das, Lalit Kumar and Sud, SK},
  journal={Procedia-Social and Behavioral Sciences},
  volume={104},
  number={2013},
  pages={312--321},
  year={2013},
  publisher={Elsevier}
}

@article{koch2013pothole,
  title={Pothole detection with image processing and spectral clustering},
  author={Koch, C and Jog, G and Brilakis, I},
  journal={J. Comput. Civ. Eng},
  volume={27},
  pages={370--378},
  year={2013}
}

@article{ryu2015image,
  title={Image-based pothole detection system for ITS service and road management system},
  author={Ryu, Seung-Ki and Kim, Taehyeong and Kim, Young-Ro},
  journal={Mathematical Problems in Engineering},
  volume={2015},
  year={2015},
  publisher={Hindawi}
}

@article{renear2010definitions,
  title={Definitions of dataset in the scientific and technical literature},
  author={Renear, Allen H and Sacchi, Simone and Wickett, Karen M},
  journal={Proceedings of the American Society for Information Science and Technology},
  volume={47},
  number={1},
  pages={1--4},
  year={2010},
  publisher={Wiley Online Library}
}

@book{kononenko2007machine,
  title={Machine learning and data mining},
  author={Kononenko, Igor and Kukar, Matjaz},
  year={2007},
  publisher={Horwood Publishing}
}

@article{kotsiantis2007supervised,
  title={Supervised machine learning: A review of classification techniques},
  author={Kotsiantis, Sotiris B and Zaharakis, I and Pintelas, P},
  journal={Emerging artificial intelligence applications in computer engineering},
  volume={160},
  pages={3--24},
  year={2007},
  publisher={Amsterdam}
}
@article{kotsiantis2006machine,
  title={Machine learning: a review of classification and combining techniques},
  author={Kotsiantis, Sotiris B and Zaharakis, Ioannis D and Pintelas, Panayiotis E},
  journal={Artificial Intelligence Review},
  volume={26},
  number={3},
  pages={159--190},
  year={2006},
  publisher={Springer}
}

@inproceedings{ma2008unsupervised,
  title={Unsupervised versus supervised training of acoustic models},
  author={Ma, Jeff and Schwartz, Richard},
  booktitle={Ninth Annual Conference of the International Speech Communication Association},
  year={2008}
}
@article{mahadevan2005validation,
  title={Validation of reliability computational models using Bayes networks},
  author={Mahadevan, Sankaran and Rebba, Ramesh},
  journal={Reliability Engineering \& System Safety},
  volume={87},
  number={2},
  pages={223--232},
  year={2005},
  publisher={Elsevier}
}
@article{pargas1999test,
  title={Test-data generation using genetic algorithms},
  author={Pargas, Roy P and Harrold, Mary Jean and Peck, Robert R},
  journal={Software testing, verification and reliability},
  volume={9},
  number={4},
  pages={263--282},
  year={1999},
  publisher={Wiley Online Library}
}
@book{sutton2018reinforcement,
  title={Reinforcement learning: An introduction},
  author={Sutton, Richard S and Barto, Andrew G},
  year={2018},
  publisher={MIT press}
}
@inproceedings{liang2015recurrent,
  title={Recurrent convolutional neural network for object recognition},
  author={Liang, Ming and Hu, Xiaolin},
  booktitle={Proceedings of the IEEE conference on computer vision and pattern recognition},
  pages={3367--3375},
  year={2015}
}
@incollection{kim2017convolutional,
  title={Convolutional neural network},
  author={Kim, Phil},
  booktitle={MATLAB deep learning},
  pages={121--147},
  year={2017},
  publisher={Springer}
}
@article{agarap2018deep,
  title={Deep learning using rectified linear units (relu)},
  author={Agarap, Abien Fred},
  journal={arXiv preprint arXiv:1803.08375},
  year={2018}
}
@inproceedings{yu2014mixed,
  title={Mixed pooling for convolutional neural networks},
  author={Yu, Dingjun and Wang, Hanli and Chen, Peiqiu and Wei, Zhihua},
  booktitle={International conference on rough sets and knowledge technology},
  pages={364--375},
  year={2014},
  organization={Springer}
}
@article{schwing2015fully,
  title={Fully connected deep structured networks},
  author={Schwing, Alexander G and Urtasun, Raquel},
  journal={arXiv preprint arXiv:1503.02351},
  year={2015}
}
@inproceedings{fergus2005learning,
  title={Learning object categories from google's image search},
  author={Fergus, Robert and Fei-Fei, Li and Perona, Pietro and Zisserman, Andrew},
  booktitle={Tenth IEEE International Conference on Computer Vision (ICCV'05) Volume 1},
  volume={2},
  pages={1816--1823},
  year={2005},
  organization={IEEE}
}
@article{privitera2000algorithms,
  title={Algorithms for defining visual regions-of-interest: Comparison with eye fixations},
  author={Privitera, Claudio M. and Stark, Lawrence W.},
  journal={IEEE Transactions on pattern analysis and machine intelligence},
  volume={22},
  number={9},
  pages={970--982},
  year={2000},
  publisher={IEEE}
}

@misc{tzutalingit,
  title={Git code (2015)},
  author={Tzutalin, LabelImg}
}
@article{howard2017mobilenets,
  title={Mobilenets: Efficient convolutional neural networks for mobile vision applications},
  author={Howard, Andrew G and Zhu, Menglong and Chen, Bo and Kalenichenko, Dmitry and Wang, Weijun and Weyand, Tobias and Andreetto, Marco and Adam, Hartwig},
  journal={arXiv preprint arXiv:1704.04861},
  year={2017}
}
@inproceedings{liu2016ssd,
  title={Ssd: Single shot multibox detector},
  author={Liu, Wei and Anguelov, Dragomir and Erhan, Dumitru and Szegedy, Christian and Reed, Scott and Fu, Cheng-Yang and Berg, Alexander C},
  booktitle={European conference on computer vision},
  pages={21--37},
  year={2016},
  organization={Springer}
}
@article{perez2017effectiveness,
  title={The effectiveness of data augmentation in image classification using deep learning},
  author={Perez, Luis and Wang, Jason},
  journal={arXiv preprint arXiv:1712.04621},
  year={2017}
}
@article{yu1995dynamic,
  title={Dynamic learning rate optimization of the backpropagation algorithm},
  author={Yu, Xiao-Hu and Chen, Guo-An and Cheng, Shi-Xin},
  journal={IEEE Transactions on Neural Networks},
  volume={6},
  number={3},
  pages={669--677},
  year={1995},
  publisher={IEEE}
}
@article{ruder2016overview,
  title={An overview of gradient descent optimization algorithms},
  author={Ruder, Sebastian},
  journal={arXiv preprint arXiv:1609.04747},
  year={2016}
}
@inproceedings{lin2014microsoft,
  title={Microsoft coco: Common objects in context},
  author={Lin, Tsung-Yi and Maire, Michael and Belongie, Serge and Hays, James and Perona, Pietro and Ramanan, Deva and Doll{\'a}r, Piotr and Zitnick, C Lawrence},
  booktitle={European conference on computer vision},
  pages={740--755},
  year={2014},
  organization={Springer}
}
@inproceedings{rahman2016optimizing,
  title={Optimizing intersection-over-union in deep neural networks for image segmentation},
  author={Rahman, Md Atiqur and Wang, Yang},
  booktitle={International symposium on visual computing},
  pages={234--244},
  year={2016},
  organization={Springer}
}
@article{buckland1994relationship,
  title={The relationship between recall and precision},
  author={Buckland, Michael and Gey, Fredric},
  journal={Journal of the American society for information science},
  volume={45},
  number={1},
  pages={12--19},
  year={1994},
  publisher={Wiley Online Library}
}
@misc{wiki:precision_recall,
    author = {Wikipedia},
    title = "Precision and recall --- {Wikipedia}{,} The Free Encyclopedia",
    year = "2020",
    howpublished = {\url{https://en.wikipedia.org/w/index.php?title=Precision_and_recall&oldid=941734342}},
    note = "[Online; accessed 25-February-2020]"
}
@incollection{bisong2019tensorflow,
  title={TensorFlow 2.0 and Keras},
  author={Bisong, Ekaba},
  booktitle={Building Machine Learning and Deep Learning Models on Google Cloud Platform},
  pages={347--399},
  year={2019},
  publisher={Springer}
}
@article{pan2009survey,
  title={A survey on transfer learning},
  author={Pan, Sinno Jialin and Yang, Qiang},
  journal={IEEE Transactions on knowledge and data engineering},
  volume={22},
  number={10},
  pages={1345--1359},
  year={2009},
  publisher={IEEE}
}
@article{dillon2017tensorflow,
  title={Tensorflow distributions},
  author={Dillon, Joshua V and Langmore, Ian and Tran, Dustin and Brevdo, Eugene and Vasudevan, Srinivas and Moore, Dave and Patton, Brian and Alemi, Alex and Hoffman, Matt and Saurous, Rif A},
  journal={arXiv preprint arXiv:1711.10604},
  year={2017}
}
@misc{tf_model_zoo,
    author = {Google},
    title = "TensorFlow Model Zoo",
    year = "2020",
    howpublished = {\url{https://github.com/tensorflow/models/blob/master/research/object_detection/g3doc/detection_model_zoo.md}},
    note = "[Online; accessed 25-February-2020]"
}
@misc{tf_models_repo,
    author = {Google},
    title = "TensorFlow Models",
    year = "2020",
    howpublished = {\url{https://github.com/tensorflow/models}},
    note = "[Online; accessed 25-February-2020]"
}

@misc{manetensorboard,
  title={TensorBoard: TensorFlow’s visualization toolkit, 2015},
  author={Man{\'e}, D and others}
}
